@book{cloud,
   author = {Reinheimer Hrsg.},
   title = "Cloud Computing",
   publisher = "Springer Vieweg",
   year = 2018,
   note = {eISBN: 978-3-658-20967-4},
   }
@book{risiko,
   author = {Adelmeyer and Teutenber and Petrick},
   title = "IT-Risikomanagement von Cloud-Services in Kritischen Infrastrukturen",
   publisher = "Springer Vieweg",
   year = 2018,
   note = {eISBN: 978-3-658-22742-5},
   }
@book{kosten,
   author = {Engels},
   title = "Wirtschaftliche Kosten der Cyberspionage für deutsche Unternehmen",
   publisher = "Institut der deutschen Wirschaft Köln",
   year = 2017,
   }
@book{kerberos,
   author = {Migeon},
   title = "The MIT Kerberos Administrator's How-to Guide",
   publisher = "MIT Kerveros Consortium",
   year = 2008,
   }
@book{kerberos2,
	author = {Tsolkas and Schmidt},
	title = "Rollen und Berechtigungskonzepte",
	publisher = "Vieweg +Teubner Verlag",
	year = 2010,
	note = {ISBN: 978-3-8348-1243-8},
}
@misc{pleasant,
   author = "Unbekannt",
   title = "Features",
   howpublished = {\url{https://pleasantsolutions.com/passwordserver/details/features/}},
   publisher = "Pleasant Solutions",
   note = {Zugegriffen: 01.08.2018},
   }
@misc{vault,
   author = "Unbekannt",
   title = "Architecture",
   howpublished = {\url{https://www.vaultproject.io/docs/internals/architecture.html}},
   publisher = "Hashicorp",
   note = {Zugegriffen: 01.08.2018},
   }
